<collection xmlns="http://www.loc.gov/MARC21/slim">
<record>
  <leader>01034nam0a22002291i 450 </leader>
  <controlfield tag="001">IT\ICCU\CNCE\073468</controlfield>
  <controlfield tag="005">20081128000000.0</controlfield>
  <datafield tag="012" ind1=" " ind2=" ">
    <subfield code="a">ilio hero o.n- toma (3) 1596 (A)</subfield>
    <subfield code="2">fei</subfield>
  </datafield>
  <datafield tag="100" ind1=" " ind2=" ">
    <subfield code="a">20081020d1596        0itac0103    ba</subfield>
  </datafield>
  <datafield tag="101" ind1=" " ind2=" ">
    <subfield code="a">ITA</subfield>
  </datafield>
  <datafield tag="102" ind1=" " ind2=" ">
    <subfield code="a">IT</subfield>
  </datafield>
  <datafield tag="200" ind1="1" ind2=" ">
    <subfield code="a">Proemii quaresimali di Sebastiano Rinaldi, dottor theologo, et archidiacono di Triuenti ...</subfield>
  </datafield>
  <datafield tag="210" ind1=" " ind2=" ">
    <subfield code="a">In Chieti</subfield>
    <subfield code="c">appresso Isidoro Facij</subfield>
    <subfield code="d">&amp; compagni</subfield>
    <subfield code="d">1596</subfield>
    <subfield code="e">In Chieti</subfield>
    <subfield code="g">appresso Isidoro Facij</subfield>
    <subfield code="h">&amp; compagni</subfield>
    <subfield code="h">1596</subfield>
  </datafield>
  <datafield tag="215" ind1=" " ind2=" ">
    <subfield code="a">75, \1! p.</subfield>
    <subfield code="d">4ʻ</subfield>
  </datafield>
  <datafield tag="620" ind1=" " ind2=" ">
    <subfield code="a">IT</subfield>
    <subfield code="d">Chieti</subfield>
  </datafield>
  <datafield tag="700" ind1=" " ind2="1">
    <subfield code="a">Rinaldi,</subfield>
    <subfield code="b">Sebastiano</subfield>
    <subfield code="3">IT\ICCU\CNCA\028983</subfield>
  </datafield>
  <datafield tag="712" ind1="0" ind2="0">
    <subfield code="a">Faci, Isidoro &amp; C.</subfield>
    <subfield code="3">IT\ICCU\CNCT\002865</subfield>
    <subfield code="4">650</subfield>
  </datafield>
  <datafield tag="791" ind1="0" ind2="0">
    <subfield code="a">Facius, Isidorus  &amp; socii</subfield>
    <subfield code="3">IT\ICCU\CNCT\005088</subfield>
    <subfield code="z">Faci, Isidoro &amp; C.</subfield>
  </datafield>
  <datafield tag="801" ind1=" " ind2="3">
    <subfield code="a">IT</subfield>
    <subfield code="b">ICCU</subfield>
    <subfield code="c">20201115</subfield>
  </datafield>
  <datafield tag="899" ind1=" " ind2=" ">
    <subfield code="a">Biblioteca nazionale Vittorio Emanuele III. Napoli</subfield>
    <subfield code="1">NA0079</subfield>
    <subfield code="2">NAP BN</subfield>
  </datafield>
  <datafield tag="911" ind1=" " ind2=" ">
    <subfield code="a">In fine</subfield>
    <subfield code="9">IT\ICCU\CNCM\000582</subfield>
  </datafield>
  <datafield tag="921" ind1=" " ind2=" ">
    <subfield code="a">IT\ICCU\CNCM\000582</subfield>
    <subfield code="b">Mano recante ramo di rose sotto due stelle entro cornice xilografica</subfield>
    <subfield code="c">V38</subfield>
    <subfield code="c">Z1012</subfield>
    <subfield code="f">MANO</subfield>
    <subfield code="f">ROSE</subfield>
    <subfield code="f">STELLE</subfield>
    <subfield code="g">1596-1597</subfield>
  </datafield>
</record>
</collection>
